@misc{funciones-activacion,
  author = "M. All",
  title = "Introducción a las funciones de activación en las redes neuronales",
  year = "2024",
  howpublished = "\url{https://www.datacamp.com/es/tutorial/introductionto-activation-functions-in-neural-networks?dc_referrer=https%3A%2F%2Fwww.google.com%2F}",
  note = "[Internet; último acceso 11-Junio-2025]"
}

@misc{youtube:apify,
  author = "Apify",
  title = "Free Google Maps reviews scraper api - how to scrape google reviews",
  year = "2024",
  howpublished = "\url{https://www.youtube.com/watch?v=Qrt6Jm0uOsE&t=1s}",
  note = "[Internet; último acceso 13-Junio-2025]"
}

@misc{turismo,
  author = "D. Cortes",
  title = "¿qué es el turismo?",
  year = "2025",
  howpublished = "\url{https://www.cesuma.mx/blog/que-es-el-turismo.html}",
  note = "[Internet; último acceso 13-Junio-2025]"
}

@misc{udit:nlp,
  author = "Universidad de diseño; innovación y tecnología",
  title = "¿qué es el procesamiento del lenguaje natural (nlp)?",
  year = "2024",
  howpublished = "\url{https://www.xataka.com/basics/api-que-sirve}",
  note = "[Internet; último acceso 11-Junio-2025]"
}

@misc{segittur:dti,
  author = "Secretaría de Estado de Turismo y SEGITTUR",
  title = "¿qué es el modelo dti? - dti",
  year = "2025",
  howpublished = "\url{https://www.destinosinteligentes.es/que-es-dti/}",
  note = "[Internet; último acceso 13-Junio-2025]"
}

@misc{apify:universities,
  author = "Apify Developers",
  title = "Apify for universities",
  year = "2025",
  howpublished = "\url{https://apify.com/resources/universities}",
  note = "[Internet; último acceso 29-Abril-2025]"
}

@misc{apify:pricing,
  author = "Apify Developers",
  title = "Apify pricing",
  year = "2025",
  howpublished = "\url{https://apify.com/pricing}",
  note = "[Internet; último acceso 29-Abril-2025]"
}

@misc{apify:docs,
  author = "Apify Developers",
  title = "Apify API Client for Python",
  year = "2025",
  howpublished = "\url{https://docs.apify.com/api/client/python/docs/overview/introduction}",
  note = "[Internet; último acceso 14-Mayo-2025]"
}

@misc{googleplaces:docs,
  author = "Google Developers",
  title = "Documentación de Google Maps Platform",
  year = "2025",
  howpublished = "\url{https://developers.google.com/maps/documentation/places/web-service?hl=es-419}",
  note = "[Internet; último acceso 10-Mayo-2025]"
}

@misc{google:linear-regression,
  author = "Google Developers",
  title = "Regresión lineal: Pérdida",
  year = "2025",
  howpublished = "\url{https://developers.google.com/machine-learning/crash-course/linear-regression/loss?hl=es-419}",
  note = "[Internet; último acceso 11-Junio-2025]"
}

@misc{tripadvisor:overview,
  author = "TripAdvisor Developers",
  title = "Overview",
  year = "2023",
  howpublished = "\url{https://tripadvisor-contentapi.readme.io/reference/overview}",
  note = "[Internet; último acceso 31-Marzo-2025]"
}

@misc{tripadvisor:prices,
  author = "TripAdvisor Developers",
  title = "Tripadvisor",
  year = "2025",
  howpublished = "\url{https://www.tripadvisor.com/apideveloperscheckout}",
  note = "[Internet; último acceso 29-Abril-2025]"
}

@misc{medium:regularizacion,
  author = "J. Durán",
  title = "Técnicas de regularización básicas para redes neuronales",
  year = "2019",
  howpublished = "\url{https://medium.com/metadatos/t%C3%A9cnicas-de-regularizaci%C3%B3n-b%C3%A1sicas-para-redes-neuronales-b48f396924d4}",
  note = "[Internet; último acceso 11-Junio-2025]"
}

@misc{clasificacion,
  author = "R. Díaz Badra",
  title = "Métricas de clasificación",
  year = "2025",
  howpublished = "\url{https://www.themachinelearners.com/metricas-de-clasificacion/}",
  note = "[Internet; último acceso 10-Junio-2025]"
}

@misc{xataka:api,
  author = "Y. Fernández",
  title = "Api: qué es y para qué sirve",
  year = "2019",
  howpublished = "\url{https://www.xataka.com/basics/api-que-sirve}",
  note = "[Internet; último acceso 11-Junio-2025]"
}

@misc{medium:vectorization,
  author = "R. Imran",
  title = "Comparing text preprocessing techniques: One-hot encoding, bag of words, tf-idf, and word2vec for sentiment analysis",
  year = "2023",
  howpublished = "\url{https://medium.com/@rayanimran307/comparing-text-preprocessing-techniques-one-hot-encoding-bag-of-words-tf-idf-and-word2vec-for-5850c0c117f1}",
  note = "[Internet; último acceso 10-Junio-2025]"
}

@misc{medium:multiclass-classification,
  author = "A. Jain",
  title = "Confusion matrix for multiclass classification",
  year = "2024",
  howpublished = "\url{https://medium.com/@abhishekjainindore24/confusion-matrix-for-multiclass-classification-91adf26af6de}",
  note = "[Internet; último acceso 10-Junio-2025]"
}

@misc{tfg-2024,
  author = "I. Marcilla Lombraña",
  title = "Inteligencia artificial aplicada a destinos turísticos inteligentes",
  year = "2024",
  howpublished = "Trabajo de Fin de Grado no publicado, Universidad de Burgos",
  note = "[Internet; último acceso 13-Junio-2025]"
}

@misc{mathworks2025,
  author = "Mathworks",
  title = "Long short-term memory neural networks",
  year = "2025",
  howpublished = "\url{https://la.mathworks.com/discovery/lstm.html}",
  note = "[Internet; último acceso 11-Junio-2025]"
}

@misc{medium:tokenization,
  author = "F. Murzone",
  title = "Procesamiento de texto para nlp 1: Tokenización",
  year = "2025",
  howpublished = "\url{https://medium.com/escueladeinteligenciaartificial/procesamiento-de-texto-para-nlp-1-tokenizaci%C3%B3n-4d533f3f6c9b}",
  note = "[Internet; último acceso 10-Junio-2025]"
}

@misc{repositorio,
  author = "C. A. Núñez Duque",
  title = "cnunez1/tfg-digitalizacionboletinturismo",
  year = "2025",
  howpublished = "\url{https://github.com/cnunez1/TFG-DigitalizacionBoletinTurismo}",
  note = "[Internet; último acceso 13-Junio-2025]"
}

@misc{aprendizajes,
  author = "P. Recuero de los Santos",
  title = "Tipos de aprendizaje en machine learning: supervisado y no supervisado",
  year = "2021",
  howpublished = "\url{https://telefonicatech.com/blog/que-algoritmo-elegir-en-ml-aprendizaje}",
  note = "[Internet; último acceso 11-Junio-2025]"
}

@misc{segitturEjes,
  author = "SEGITTUR",
  title = "Ejes de actuación - segittur",
  year = "2025",
  howpublished = "\url{https://www.segittur.es/ejes-de-actuacion/}",
  note = "[Internet; último acceso 13-Junio-2025]"
}

@misc{ibm:rnn,
  author = "C. Stryker",
  title = "¿qué es una red neuronal recurrente?",
  year = "2025",
  howpublished = "\url{https://www.ibm.com/es-es/think/topics/recurrent-neural-networks#:~:text=Una%20red%20neuronal%20recurrente%20o}",
  note = "[Internet; último acceso 11-Junio-2025]"
}

@misc{tensorflow:keras,
  author = "Tensorflow",
  title = "Module: tf.keras | tensorflow core v2.16.1",
  year = "2024",
  howpublished = "\url{https://www.tensorflow.org/api_docs/python/tf/keras/}",
  note = "[Internet; último acceso 8-Mayo-2025]"
}

@misc{tensorflowAbout,
  author = "Tensorflow",
  title = "Por qué tensorflow",
  year = "2025",
  howpublished = "\url{https://www.tensorflow.org/about?hl=es-419}",
  note = "[Internet; último acceso 10-Junio-2025]"
}

@misc{turismoEspana2025,
  author = "Wikipedia",
  title = "Turismo en españa - wikipedia, la enciclopedia libre",
  year = "2025",
  howpublished = "\url{https://es.wikipedia.org/wiki/Turismo_en_Espa%C3%B1a}",
  note = "[Internet; último acceso 13-Junio-2025]"
}

@misc{datacamp:bert,
  author = "J. Canales Luna",
  title = "¿Qué es el BERT? Introducción a los modelos BERT",
  year = "2024",
  howpublished = "\url{https://www.datacamp.com/es/blog/what-is-bert-an-intro-to-bert-models}",
  note = "[Internet; último acceso 2-Julio-2025]"
}

@misc{datacamp:transformers,
  author = "Z. Kelta",
  title = "Una introducción al uso de los transformadores y HuggingFace",
  year = "2024",
  howpublished = "\url{https://www.datacamp.com/es/tutorial/an-introduction-to-using-transformers-and-hugging-face}",
  note = "[Internet; último acceso 2-Julio-2025]"
}

@misc{scraper,
  author = "Cheetan11dev",
  title = "omkarcloud/google-maps-scraper",
  year = "2025",
  howpublished = "\url{https://github.com/omkarcloud/google-maps-scraper}",
  note = "[Internet; último acceso 2-Julio-2025]"
}

@misc{google:nn,
  author = "Google Developers",
  title = "¿Qué es una red neuronal?",
  year = "(s.f)",
  howpublished = "\url{https://cloud.google.com/discover/what-is-a-neural-network?hl=es-419}",
  note = "[Internet; último acceso 2-Julio-2025]"
}

@misc{azure,
  author = "KCP Dynamics",
  title = "Microsoft Azure SQL Database - Microsoft Dynamics Partners LATAM | KCP Dynamics",
  year = "2023",
  howpublished = "\url{https://kcpdynamics.com/microsoft-azure-sql-database/}",
  note = "[Internet; último acceso 2-Julio-2025]"
}