@misc{apify:pricing,
  author = "Apify Developers",
  title = "Apify pricing",
  year = "2025",
  howpublished = "\url{https://apify.com/pricing}",
  note = "[Internet; último acceso 29-Abril-2025]"
}

@misc{ods,
  author = "Organización de las Naciones Unidas",
  title = "THE 17 GOALS | Sustainable Development",
  year = "(s.f)",
  howpublished = "\url{https://sdgs.un.org/es/goals}",
  note = "[Internet; último acceso 3-Julio-2025]"
}

@misc{crue,
  author = "CRUE",
  title = "Directrices para la introducción de la Sostenibilidad en el Curriculum",
  year = "2014",
  howpublished = "\url{https://www.crue.org/wp-content/uploads/2020/02/Directrices_Sosteniblidad_Crue2012.pdf}",
  note = "[Internet; último acceso 3-Julio-2025]"
}

@misc{repositorio,
  author = "C. A. Núñez Duque",
  title = "cnunez1/tfg-digitalizacionboletinturismo",
  year = "2025",
  howpublished = "\url{https://github.com/cnunez1/TFG-DigitalizacionBoletinTurismo}",
  note = "[Internet; último acceso 7-Julio-2025]"
}

@misc{icons8,
  author = "Icons8",
  title = "Iconos gratis, ilustraciones clipart, fotos y música",
  year = "2025",
  howpublished = "\url{https://iconos8.es}",
  note = "[Internet; último acceso 7-Julio-2025]"
}

@misc{theme,
  author = "FerArg",
  title = "Re: Simplifica - Otoño - autumn - Microsoft Fabric Community",
  year = "2025",
  howpublished = "\url{https://community.fabric.microsoft.com/t5/Themes-Gallery/Simplifica-Otoño-autumn/m-p/4700294}",
  note = "[Internet; último acceso 7-Julio-2025]"
}

@misc{scraper,
  author = "Cheetan11dev",
  title = "omkarcloud/google-maps-scraper",
  year = "2025",
  howpublished = "\url{https://github.com/omkarcloud/google-maps-scraper}",
  note = "[Internet; último acceso 2-Julio-2025]"
}

@misc{webscraping,
  author = "Datstrats",
  title = "¿Es legal el scraping en España?",
  year = "(s.f)",
  howpublished = "\url{https://datstrats.com/blog/scraping-es-legal-espana/}",
  note = "[Internet; último acceso 2-Julio-2025]"
}